@BOOK{Smith:2012qr,
	title = {{B}ook {T}itle},
	publisher = {Publisher},
	author = {Smith, J.~M. and Jones, A.~B.},
	year = {2012},
	edition = {7th},
}

@ARTICLE{Smith:2013jd,
	author = {Jones, A.~B. and Smith, J.~M.},
	title = {{A}rticle {T}itle},
	journal = {{J}ournal {T}itle},
	year = {2013},
	volume = {13},
	pages = {123-456},
	number = {52},
	month = {March},
	publisher = {Publisher}
}

@article{bib:pignol-roccia,
      author         = "Pignol, Guillaume and Roccia, Stephanie",
      title          = "{Electric dipole moment searches: Reexamination of
                        frequency shifts for particles in traps}",
      journal        = "Phys. Rev.",
      volume         = "A85",
      year           = "2012",
      pages          = "042105",
      doi            = "10.1103/PhysRevA.85.042105",
      eprint         = "1201.0699",
      archivePrefix  = "arXiv",
      primaryClass   = "nucl-ex",
      SLACcitation   = "%%CITATION = ARXIV:1201.0699;%%"
}